@inproceedings{matsui2009,
  title={Influence of swirl ratio and incident flow conditions on generation of tornado-like vortex},
  author={Matsui, Masahiro and Tamura, Yukio},
  booktitle={Proc. 5th European-African Conferences on Wind Engineering, Florence, Italy},
  pages={213--216},
  year={2009}
}

@thesis{tang2013,
   Author = {唐飞燕},
   Title = {核电常规岛龙卷风荷载研究},
   type = {[硕士学位论文]},
   location = {南京},
   School = {东南大学},
   year={2013},
   userf={cn}}
   