@article{benra2011comparison,
   Author = {Benra, Friedrich-Karl and Dohmen, Hans Josef and Pei, Ji and Schuster, Sebastian and Wan, Bo},
   Title = {A Comparison of One-Way and Two-Way Coupling Methods for Numerical Analysis of Fluid-Structure Interactions},
   Journal = {Journal of Applied Mathematics},
   Volume = {2011},
   Pages = {16},
   DOI = {10.1155/2011/853560},
   Year = {2011}
}

@article{qian2008fsi,
  title={流固耦合理论研究进展},
  author={钱若军；董石麟},
  journal={空间结构},
  number={1},
  pages={3--15},
  year={2008},
  lang="zh",
}

@article{wang2013tower,
  title={大跨越输电钢管塔结构多尺度有限元分析},
  author={汪楚清；王虎长；李亮；赵雪灵；孙清},
  journal={工程力学},
  volume={30},
  number={7},
  pages={147--152},
  year={2013},
  lang="zh"
}

@mastersthesis{xue2012fsi,
   Author = {薛祖杰},
   Title = {基于CFD的复杂超高层建筑双向流固耦合研究},
   School = {重庆大学},
   Year = {2012},
   language = "zh"
}

@mastersthesis{xue2012fsi,
   Author = {薛祖杰},
   Title = {基于CFD的复杂超高层建筑双向流固耦合研究},
   School = {重庆大学},
   Year = {2012},
   language = "zh"
}

@misc{cornell2016fsi1,
    Author={Lachance-Barrett,Sebastien and Corona, Edwin},
    Title={FLUENT - Wind Turbine Blade FSI (Part 1)},
    Url={https://confluence.cornell.edu/pages/viewpage.action?pageId=262012971},
    Year={2016},
    Month={Jul},
    Day={11},
}

@misc{cornell2016fsi2,
    Author={Lachance-Barrett,Sebastien and Corona, Edwin},
    Title={ANSYS - Wind Turbine Blade FSI (Part 2)},
    Url={https://confluence.cornell.edu/pages/viewpage.action?pageId=262013005},
    Year={2014},
    Month={Oct},
    Day={29},
}

