@article{Huang2011WDR,
   Author = {Huang, S. and Li, Q.},
   Title = {Large Eddy Simulations of Wind-Driven Rain on Tall Building Facades},
   Journal = {Journal of Structural Engineering},
   Volume = {138},
   Number = {8},
   Pages = {967-983},
   DOI = {10.1061/(ASCE)ST.1943-541X.0000516},
   Year = {2011} }

@article{Huang2010WDR,
   Author = {Huang, S. H. and Li, Q. S.},
   Title = {Numerical simulations of wind-driven rain on building envelopes based on Eulerian multiphase model},
   Journal = {Journal of Wind Engineering and Industrial Aerodynamics},
   Volume = {98},
   Number = {12},
   Pages = {843-857},
   DOI = {10.1016/j.jweia.2010.08.003},
   Keywords = {Wind-driven rain; Numerical simulation; Computational fluid dynamics (CFD); Building envelope; Multiphase model},
   Year = {2010} }
