@phdthesis{Natarajan-17,
   Author = {Natarajan, Diwakar},
   Title = {Numerical simulation of tornado-like vortices},
   School = {The University of Western Ontario},
   Year = {2011}
}




