@phdthesis{ren2010,
   Author = {任超},
   Title = {极端环境条件下大跨越输电塔线体系的动态响应分析},
   School = {苏州大学},
   Note = {期: 01},
   Year = {2010} }


@article{li2007,
	Author = {李宏男 and 白海峰},
	Title = {高压输电塔-线体系抗灾研究的现状与发展趋势},
	Journal = {土木工程学报},
	Number = {02},
	Pages = {39-46},
	Year = {2007} }


