@inproceedings{matsui2009,
  title={Influence of swirl ratio and incident flow conditions on generation of tornado-like vortex},
  author={Matsui, Masahiro and Tamura, Yukio},
  booktitle={Proc. 5th European-African Conferences on Wind Engineering, Florence, Italy},
  pages={213--216},
  year={2009}
}

@thesis{tang2013,
   Author = {唐飞燕},
   Title = {核电常规岛龙卷风荷载研究},
   type = {[硕士学位论文]},
   location = {南京},
   School = {东南大学},
   year={2013},
   userf={cn}
 }
 
 
@article{fluent2011,
    Author = {Fluent, Ansys},
    Title = {Ansys Fluent Theory Guide},
    Journal = {ANSYS Inc., USA},
    Year = {2011}
  }
 
 @article{morsi1972,
   title={An investigation of particle trajectories in two-phase flow systems},
   author={Morsi, S. A. and Alexander, A. J.},
   journal={Journal of Fluid Mechanics},
   volume={55},
   number={02},
   pages={193--208},
   year={1972},
   publisher={Cambridge Univ Press}
 }  