@article{Depperman1947,
   Author = {Depperman, C. E.},
   Title = {Notes on the origin and structure of Philippine typhoons},
   Journal = {Bull. Amer. Meteor. Soc},
   Volume = {28},
   Pages = {399-404},
   Year = {1947} }

@misc{Commission2007,
   Author = {Commission, U. S. Nuclear Regulatory},
   Title = {Design-Basis Tornado and Tornado Missiles for Nuclear Power Plants},
   Publisher = {NRC's Public Document Room},
   Year = {2007} }


@article{Holmes2004,
   Author = {Holmes, J. D.},
   Title = {Trajectories of spheres in strong winds with application to wind-borne debris},
   Journal = {Journal of Wind Engineering and Industrial Aerodynamics},
   Volume = {92},
   Number = {1},
   Pages = {9-22},
   DOI = {10.1016/j.jweia.2003.09.031},
   Keywords = {Debris; Hurricane; Sphere; Turbulence; Wind loads},
   Year = {2004} }


@inproceedings{Baker2004,
  title={Solutions of the debris equations},
  author={Baker, C.J.},
  booktitle={Proc. 6th UK Conference on Wind Engineering},
  pages={15--17},
  year={2004}
}

@thesis{Zhu2008,
   Author = {朱晓洁},
   Title = {棒状飞射物的飞行特性研究},
   type = {[硕士学位论文]},
   location = {哈尔滨},
   School = {哈尔滨工业大学},
   year={2008},
   userf={cn}}

@book{Hoerner1965,
  title={Fluid-dynamic drag: practical information on aerodynamic drag and hydrodynamic resistance},
  author={Hoerner, Sighard F},
  year={1965},
  publisher={Hoerner Fluid Dynamics Midland Park, NJ}
}


