@book{american1994minimum,
  title={Minimum design loads for buildings and other structures},
  author={American Society of Civil Engineers},
  volume={7},
  year={1994},
  publisher={Amer Society of Civil Engineers}
}

@article{bluestein1993review,
  title={A review of tornado observations},
  author={Bluestein, Howard B and Golden, Joseph H},
  journal={The tornado: Its structure, dynamics, prediction, and hazards},
  pages={319--352},
  year={1993},
  publisher={Wiley Online Library}
}

@article{brooks2004relationship,
  title={On the relationship of tornado path length and width to intensity},
  author={Brooks, Harold E},
  journal={Weather and Forecasting},
  volume={19},
  number={2},
  pages={310--319},
  year={2004}
}

@article{canfield1991uplift,
  title={Uplift resistance of various rafter-wall connections},
  author={Canfield, Laurence R and Niu, Stanley H and Liu, Henry},
  journal={Forest products journal},
  volume={41},
  number={7-8},
  pages={27--34},
  year={1991},
  publisher={Forest Products Society}
}

@article{church1979characteristics,
  title={Characteristics of tornado-like vortices as a function of swirl ratio: A laboratory investigation},
  author={Church, CRo and Snow, JT and Baker, GL and Agee, EM},
  journal={Journal of the Atmospheric Sciences},
  volume={36},
  number={9},
  pages={1755--1776},
  year={1979}
}

@article{davies1973dependence,
  title={The dependence of core radius on swirl ratio in a tornado simulator},
  author={Davies-Jones, Robert P},
  journal={Journal of the Atmospheric Sciences},
  volume={30},
  number={7},
  pages={1427--1430},
  year={1973}
}

@article{haan2009tornado,
  title={Tornado-induced wind loads on a low-rise building},
  author={Haan Jr, FL and Balaramudu, Vasanth Kumar and Sarkar, PP},
  journal={Journal of structural engineering},
  year={2009},
  publisher={American Society of Civil Engineers}
}

@article{haan2008design,
  title={Design, construction and performance of a large tornado simulator for wind engineering applications},
  author={Haan, Fred L and Sarkar, Partha P and Gallus, William A},
  journal={Engineering Structures},
  volume={30},
  number={4},
  pages={1146--1159},
  year={2008},
  publisher={Elsevier}
}

@article{hangan2008swirl,
  title={Swirl ratio effects on tornado vortices in relation to the Fujita scale},
  author={Hangan, H and Kim, JD},
  journal={Wind and Structures},
  volume={11},
  number={4},
  pages={291--302},
  year={2008},
  publisher={Techno-Press}
}

@book{day2012geotechnical,
  title={Geotechnical Earthquake Engineering},
  author={Day, Robert},
  year={2012},
  publisher={McGraw Hill Professional}
}

@article{karstens2010near,
  title={Near-ground pressure and wind measurements in tornadoes*},
  author={Karstens, Christopher D and Samaras, Timothy M and Lee, Bruce D and Gallus Jr, William A and Finley, Catherine A},
  journal={Monthly Weather Review},
  volume={138},
  number={7},
  pages={2570--2588},
  year={2010}
}

@article{lee2005diagnosed,
  title={Diagnosed three-dimensional axisymmetric structure of the Mulhall tornado on 3 May 1999},
  author={Lee, Wen-Chau and Wurman, Joshua},
  journal={Journal of the atmospheric sciences},
  volume={62},
  number={7},
  pages={2373--2393},
  year={2005}
}

@article{marshall2002tornado,
  title={Tornado damage survey at Moore, Oklahoma},
  author={Marshall, Timothy P},
  journal={Weather and forecasting},
  volume={17},
  number={3},
  pages={582--598},
  year={2002}
}

@article{reed1997uplift,
  title={Uplift capacity of light-frame rafter to top plate connections},
  author={Reed, TD and Rosowsky, DV and Schiff, SD},
  journal={Journal of architectural engineering},
  volume={3},
  number={4},
  pages={156--163},
  year={1997},
  publisher={American Society of Civil Engineers}
}

@inproceedings{sarkar2005laboratory,
  title={A laboratory tornado simulator: comparison of laboratory, numerical and full-scale measurements},
  author={Sarkar, PP and Haan, FL and Gallus, WA and Kuai, L and Kardell, Ryan and Wurman, JM},
  booktitle={10th Americas Conference on Wind Engineering, Baton Rouge, LA},
  year={2005}
}

@article{sparks1988failure,
  title={On the failure of single-story wood-framed houses in severe storms},
  author={Sparks, PR and Hessig, ML and Murden, JA and Sill, BL},
  journal={Journal of Wind Engineering and Industrial Aerodynamics},
  volume={29},
  number={1},
  pages={245--252},
  year={1988},
  publisher={Elsevier}
}

@article{thampi2011finite,
  title={Finite element analysis of interaction of tornados with a low-rise timber building},
  author={Thampi, Hephzibah and Dayal, Vinay and Sarkar, Partha P},
  journal={Journal of Wind Engineering and Industrial Aerodynamics},
  volume={99},
  number={4},
  pages={369--377},
  year={2011},
  publisher={Elsevier}
}


@article{wurman2002multiple,
  title={The multiple-vortex structure of a tornado},
  author={Wurman, Joshua},
  journal={Weather and forecasting},
  volume={17},
  number={3},
  pages={473--505},
  year={2002}
}


@book{marshall2004enhanced,
   Author = {Marshall, Timothy P. and McDonald, J. R. and Forbes, G. S.},
   Title = {The enhanced Fujita (EF) scale},
   Volume = {3},
   Year = {2004} }

@article{ibc2012international,
  title={International building code},
  author={IBC, ICC},
  journal={International Code Council, Inc.(formerly BOCA, ICBO and SBCCI)},
  volume={4051},
  pages={60478--5795},
  year={2012}
}