@article{ward1972exploration,
  title={The exploration of certain features of tornado dynamics using a laboratory model},
  author={Ward, Neil B},
  journal={Journal of the Atmospheric Sciences},
  volume={29},
  number={6},
  pages={1194--1204},
  year={1972}
}

@article{launder1989second,
  title={Second-moment closure and its use in modelling turbulent industrial flows},
  author={Launder, Brian Edward},
  journal={International Journal for Numerical Methods in Fluids},
  volume={9},
  number={8},
  pages={963--985},
  year={1989},
  publisher={Wiley Online Library}
}

@phdthesis{baker1981boundary,
  title={Boundary layers in laminar vortex flows},
  author={Baker, GL},
  year={1981},
  school={Ph. D. dissertation, Purdue University}
}

@book{fluent2015user,
  title={ANSYS Fluent 16.0 User's Guide},
  author={Fluent, ANSYS},
  journal={ANSYS Inc},
  year={2015}
}

@book{fluent2015theory,
  title={ANSYS Fluent 16.0 Theory Guide},
  author={Fluent, ANSYS},
  journal={ANSYS Inc},
  year={2015}
}

@misc{Commission2007,
   Author = {Commission, U. S. Nuclear Regulatory},
   Title = {Design-Basis Tornado and Tornado Missiles for Nuclear Power Plants},
   Publisher = {NRC's Public Document Room},
   Year = {2007}
}

@article{Depperman1947,
   Author = {Depperman, C. E.},
   Title = {Notes on the origin and structure of Philippine typhoons},
   Journal = {Bull. Amer. Meteor. Soc},
   Volume = {28},
   Pages = {399-404},
   Year = {1947}
}

@inproceedings{marshall2004enhanced,
  title={The enhanced Fujita (EF) scale},
  author={Marshall, Timothy P and McDonald, JR and Forbes, GS},
  booktitle={Preprints, 22d Conf. on Severe Local Storms, Hyannis, MA, Amer. Meteor. Soc., CD-ROM 3B.2},
  year={2004}
}

@article{doswell2009implementation,
  title={On the implementation of the enhanced Fujita scale in the USA},
  author={Doswell, Charles A and Brooks, Harold E and Dotzek, Nikolai},
  journal={Atmospheric Research},
  volume={93},
  number={1},
  pages={554--563},
  year={2009},
  publisher={Elsevier}
}

@standard{EJ420,
  title={三十万千瓦压水核电厂安全重要土建结构抗龙卷风设计规定},
  author={中国核工业总公司},
  number={EJ 420-1989},
  year={1989},
  publisher={核工业标准化所},
}

@standard{HAD101,
  title={核电厂厂址选择的极端天气气象事件（不包括热带气旋）},
  author={国家核安全局},
  number={HAD101/10},
  year={1991},
  adress={北京},
  publisher={国家核安全局},
}

@inproceedings{davies1976laboratory,
  title={Laboratory simulations of tornadoes},
  author={Davies-Jones, Robert P.},
  booktitle={Proceedings of the Symposium on Tornadoes: Assessment of Knowledge and Implications of Man},
  pages={151--174},
  year={1976},
  organization={American Meteorological Society},
  address={Boston}
}

@article{ward1972exploration,
  title={The exploration of certain features of tornado dynamics using a laboratory model},
  author={Ward, Neil B.},
  journal={Journal of the Atmospheric Sciences},
  volume={29},
  number={6},
  pages={1194--1204},
  year={1972}
}

@article{lewellen1993tornado,
  title={Tornado vortex theory},
  author={Lewellen, WS},
  journal={The Tornado: Its Structure, Dynamics, Prediction, and Hazards},
  pages={19--39},
  year={1993},
  publisher={Wiley Online Library}
}

@article{church1979characteristics,
  title={Characteristics of tornado-like vortices as a function of swirl ratio: A laboratory investigation},
  author={Church, C. R. and Snow, J. T. and Baker, G. L. and Agee, E. M.},
  journal={Journal of the Atmospheric Sciences},
  volume={36},
  number={9},
  pages={1755--1776},
  year={1979}
}

@article{snow1982review,
  title={A review of recent advances in tornado vortex dynamics},
  author={Snow, John T.},
  journal={Reviews of Geophysics},
  volume={20},
  number={4},
  pages={953--964},
  year={1982},
  publisher={Wiley Online Library}
}

@article{hangan2008swirl,
  title={Swirl ratio effects on tornado vortices in relation to the Fujita scale},
  author={Hangan, H. and Kim, J-D.},
  journal={Wind and Structures},
  volume={11},
  number={4},
  pages={291--302},
  year={2008},
  publisher={Techno-Press}
}

@article{smith1987effect,
  title={Effect of boundary conditions on numerically simulated tornado-like vortices},
  author={Smith, David R.},
  journal={Journal of the atmospheric sciences},
  volume={44},
  number={3},
  pages={648--656},
  year={1987}
}
